<record><leader>00000cas a2200000 a 4500</leader><controlfield tag="001">11381475</controlfield><controlfield tag="008">841113c19899999azuwr n       0   a0eng d</controlfield><datafield ind1=" " ind2=" " tag="010"><subfield code="a">sn 94050898 </subfield></datafield><datafield ind1=" " ind2=" " tag="040"><subfield code="a">AZS</subfield><subfield code="b">eng</subfield><subfield code="c">AZS</subfield><subfield code="d">ANN</subfield><subfield code="d">OCLCQ</subfield><subfield code="d">OCLCF</subfield><subfield code="d">DLC</subfield><subfield code="d">OCLCO</subfield></datafield><datafield ind1="1" ind2=" " tag="029"><subfield code="a">AU@</subfield><subfield code="b">000011357753</subfield></datafield><datafield ind1=" " ind2=" " tag="042"><subfield code="a">msc</subfield></datafield><datafield ind1=" " ind2=" " tag="043"><subfield code="a">n-us-az</subfield></datafield><datafield ind1=" " ind2=" " tag="090"><subfield code="a">AN2.C52</subfield><subfield code="b">C67x</subfield></datafield><datafield ind1="0" ind2=" " tag="130"><subfield code="a">Copper era (1989)</subfield></datafield><datafield ind1="1" ind2="4" tag="245"><subfield code="a">The copper era.</subfield></datafield><datafield ind1="1" ind2="3" tag="246"><subfield code="a">Copper era Morenci leader and Duncan Valley news</subfield></datafield><datafield ind1=" " ind2=" " tag="260"><subfield code="a">Clifton, Ariz. :</subfield><subfield code="b">Copper Era,</subfield><subfield code="c">1989-</subfield></datafield><datafield ind1=" " ind2=" " tag="300"><subfield code="a">v. :</subfield><subfield code="b">ill.</subfield></datafield><datafield ind1=" " ind2=" " tag="310"><subfield code="a">Weekly</subfield></datafield><datafield ind1="0" ind2=" " tag="362"><subfield code="a">Vol. 90, no. 37 (Sept. 13, 1989)-</subfield></datafield><datafield ind1=" " ind2=" " tag="500"><subfield code="a">Flood issue, Oct. 24, 1983.</subfield></datafield><datafield ind1=" " ind2="0" tag="651"><subfield code="a">Clifton (Ariz.)</subfield><subfield code="v">Newspapers.</subfield></datafield><datafield ind1=" " ind2="0" tag="651"><subfield code="a">Morenci (Ariz.)</subfield><subfield code="v">Newspapers.</subfield></datafield><datafield ind1=" " ind2="0" tag="651"><subfield code="a">Duncan (Ariz.)</subfield><subfield code="v">Newspapers.</subfield></datafield><datafield ind1=" " ind2="0" tag="651"><subfield code="a">Greenlee County (Ariz.)</subfield><subfield code="v">Newspapers.</subfield></datafield><datafield ind1=" " ind2="7" tag="651"><subfield code="a">Arizona</subfield><subfield code="z">Clifton.</subfield><subfield code="2">fast</subfield><subfield code="0">(OCoLC)fst01283548</subfield></datafield><datafield ind1=" " ind2="7" tag="651"><subfield code="a">Arizona</subfield><subfield code="z">Duncan.</subfield><subfield code="2">fast</subfield><subfield code="0">(OCoLC)fst01247092</subfield></datafield><datafield ind1=" " ind2="7" tag="651"><subfield code="a">Arizona</subfield><subfield code="z">Greenlee County.</subfield><subfield code="2">fast</subfield><subfield code="0">(OCoLC)fst01212051</subfield></datafield><datafield ind1=" " ind2="7" tag="651"><subfield code="a">Arizona</subfield><subfield code="z">Morenci.</subfield><subfield code="2">fast</subfield><subfield code="0">(OCoLC)fst01234022</subfield></datafield><datafield ind1=" " ind2="7" tag="655"><subfield code="a">Newspapers.</subfield><subfield code="2">fast</subfield><subfield code="0">(OCoLC)fst01423814</subfield></datafield><datafield ind1=" " ind2=" " tag="752"><subfield code="a">United States</subfield><subfield code="b">Arizona</subfield><subfield code="c">Greenlee</subfield><subfield code="d">Clifton.</subfield></datafield><datafield ind1="0" ind2="0" tag="780"><subfield code="t">Copper era Morenci leader and Duncan Valley news (Clifton, Ariz. : 1977)</subfield><subfield code="w">(DLC)sn 94050897</subfield></datafield></record>